@online{react,
    title   = "React Reference Overview",
    author  = "Meta Platforms Inc.",
    year    = 2024,
    url     = "https://react.dev/reference/react"
}

@online{native,
    title   = "Get Started with React Native",
    author  = "Meta Platforms Inc.",
    year    = 2024,
    url     = "https://reactnative.dev/docs/environment-setup"
}


@online{mapbox,
    title   = "Mapbox Documentation",
    author  = "Mapbox",
    year    = 2024,
    url     = "https://docs.mapbox.com/#resources"
}


@online{osm,
    title   = "OpenStreetMap",
    author  = "OpenStreetMap Foundation",
    year    = 2024,
    url     = "https://osmfoundation.org/wiki/Main_Page"
}

@online{aws,
    title   = "AWS Documentation",
    author  = "Amazon Web Services",
    year    = 2024,
    url     = "https://docs.aws.amazon.com/?nc2=h_ql_doc_do"
}


@online{jest,
    title   = "Jest: Delightful JavaScript Testing",
    author  = "OpenJS Foundation",
    year    = 2024,
    url     = "https://jestjs.io/"
}

@online{trains,
    title   = "Irish Rail Realtime API's Information Page",
    author  = "Iarnród Éireann",
    year    = 2024,
    url     = "https://api.irishrail.ie/realtime/"
}

@online{gtfs,
    title   = "General Transit Feed Specification - GTFS-Realtime",
    author  = "National Transport Authority",
    year    = 2024,
    url     = "https://developer.nationaltransport.ie/api-details#api=gtfsr&operation=vehicles"
}

@online{luas,
    title   = "Luas Forecasting API",
    author  = "Transport Infrastructure Ireland",
    year    = 2024,
    url     = "https://data.gov.ie/dataset/luas-forecasting-api"
}

@online{git,
    title   = "Git Documentation",
    author  = "Software Freedom Conservancy",
    year    = 2024,
    url     = "https://git-scm.com/doc"
}

@online{github,
    title   = "GitHub Docs",
    author  = "GitHub Inc.",
    year    = 2024,
    url     = "https://docs.github.com/en"
}

@online{actions,
    title   = "GitHub Actions Documentation",
    author  = "GitHub Inc.",
    year    = 2024,
    url     = "https://docs.github.com/en/actions"
}

@online{liveir,
    title   = "Irish Rail Live Map",
    author  = "Iarnród Éireann",
    year    = 2024,
    url     = "https://www.irishrail.ie/en-ie/train-timetables/live-train-map"
}

@online{411,
    title   = "411",
    author  = "Shark School",
    year    = 2024,
    url     = "https://open.spotify.com/track/0eM12OwyX7QJV6ditNn3Qc?si=bcc4381e429047b3"
}

@online{radar,
    title   = "Flightradar24",
    author  = "Flightradar24 AB",
    year    = 2024,
    url     = "https://www.flightradar24.com/"
}

@online{gmaps,
    title   = "Google Maps",
    author  = "Google",
    year    = 2024,
    url     = "https://www.google.ie/maps"
}

@online{tfilive,
    title   = "TFI Live Departures",
    author  = "Transport For Ireland",
    year    = 2024,
    url     = "https://www.transportforireland.ie/plan-a-journey/live-departures/"
}
